<?xml version = "1.0" encoding = "UTF-8"?><record>
  <leader>00533nam a2200133 a 4500</leader>
  <controlfield tag="005">20191130</controlfield>
  <controlfield tag="007">ta</controlfield>
  <controlfield tag="008">||||||s1998uuuu|||||| | |||||||||||ger||</controlfield>
  <controlfield tag="001">991000688209706449</controlfield>
  <datafield tag="035" ind1=" " ind2=" ">
    <subfield code="a">(DE-6)1523217-49hbz_ulm</subfield>
  </datafield>
  <datafield tag="035" ind1=" " ind2=" ">
    <subfield code="a">1523217</subfield>
    <subfield code="9">ExL</subfield>
  </datafield>
  <datafield tag="245" ind1="0" ind2="0">
    <subfield code="a">Bayerische Vorgeschichtsbl&#228;tter</subfield>
    <subfield code="b">BVbl.</subfield>
    <subfield code="c">hrsg. von der Kommission f&#252;r Bayerische Landesgeschichte bei der Bayerischen Akademie der Wissenschaften in Verbindung mit der Arch&#228;ologischen Staatssammlung und dem Bayerischen Landesamt f&#252;r Denkmalpflege</subfield>
    <subfield code="n">Bd. 63</subfield>
  </datafield>
  <datafield tag="264" ind1=" " ind2=" ">
    <subfield code="a">M&#252;nchen</subfield>
    <subfield code="b">Beck</subfield>
    <subfield code="c">1998</subfield>
  </datafield>
  <datafield tag="773" ind1="0" ind2="8">
    <subfield code="w">991021220959706449</subfield>
  </datafield>
  <datafield tag="980" ind1="1" ind2="2">
    <subfield code="e">ULB</subfield>
    <subfield code="9">LOCAL</subfield>
  </datafield>
  <datafield tag="981" ind1=" " ind2=" ">
    <subfield code="a">(DE-6)1523217</subfield>
    <subfield code="9">LOCAL</subfield>
  </datafield>
  <datafield tag="MBD" ind1=" " ind2=" ">
    <subfield code="M">49HBZ_ULM</subfield>
    <subfield code="i">991000688209706449</subfield>
    <subfield code="n">Universitat Munster</subfield>
  </datafield>
  <datafield tag="MNG" ind1=" " ind2=" ">
    <subfield code="f">ILS</subfield>
    <subfield code="i">marc21</subfield>
    <subfield code="k">10</subfield>
    <subfield code="e">false</subfield>
    <subfield code="g">1523217-49hbz_ulm</subfield>
    <subfield code="j">00</subfield>
    <subfield code="a">import</subfield>
    <subfield code="b">2022-07-11 15:26:12 Europe/Berlin</subfield>
  </datafield>
  <datafield tag="H52" ind1="8" ind2=" ">
    <subfield code="b">ZB</subfield>
    <subfield code="c">ZB_GK</subfield>
    <subfield code="h">ZC 440-63</subfield>
    <subfield code="8">22607591380006449</subfield>
  </datafield>
  <datafield tag="HOL" ind1=" " ind2=" ">
    <subfield code="b">2022-07-11 13:26:12</subfield>
    <subfield code="8">22607591380006449</subfield>
    <subfield code="M">49HBZ_ULM</subfield>
    <subfield code="g">false</subfield>
    <subfield code="a">import</subfield>
  </datafield>
  <datafield tag="ITM" ind1=" " ind2=" ">
    <subfield code="H">22607591380006449</subfield>
    <subfield code="x">ZB_GK</subfield>
    <subfield code="f">ISSBD</subfield>
    <subfield code="v">ZB_GK</subfield>
    <subfield code="X">tmikscha</subfield>
    <subfield code="U">2022-07-10 10:59:00</subfield>
    <subfield code="Y">2022-08-27 15:39:20</subfield>
    <subfield code="h">false</subfield>
    <subfield code="Q">SISIS-Ausleihz&#228;hler Migrationsjahr: 0 | SISIS-Ausleihz&#228;hler Vor-Migrationsjahr: 0 | SISIS-Ausleihz&#228;hler vorletztes Migrationsjahr: 0</subfield>
    <subfield code="M">49HBZ_ULM</subfield>
    <subfield code="s">1</subfield>
    <subfield code="d">8</subfield>
    <subfield code="V">import</subfield>
    <subfield code="b">ZC 440-63</subfield>
    <subfield code="O">Fernleihkonditionen: 0</subfield>
    <subfield code="a">23607591370006449</subfield>
    <subfield code="R">DBS-Systematik: 99</subfield>
    <subfield code="c">ZC 440-63</subfield>
    <subfield code="W">2022-07-11 13:26:12</subfield>
    <subfield code="u">ZB</subfield>
    <subfield code="w">ZB</subfield>
  </datafield>
</record>